<?xml version="1.0" encoding="UTF-8"?><record xmlns="http://www.loc.gov/MARC21/slim" xmlns:cinclude="http://apache.org/cocoon/include/1.0" xmlns:zs="http://www.loc.gov/zing/srw/">
  <leader>01526cz  a2200265n  4500</leader>
  <controlfield tag="001">n  79026490 </controlfield>
  <controlfield tag="003">DLC</controlfield>
  <controlfield tag="005">20080911073948.0</controlfield>
  <controlfield tag="008">790328n| acannaabn          |b ana      </controlfield>
  <datafield tag="010" ind1=" " ind2=" ">
    <subfield code="a">n  79026490 </subfield>
  </datafield>
  <datafield tag="035" ind1=" " ind2=" ">
    <subfield code="a">(OCoLC)oca00260205</subfield>
  </datafield>
  <datafield tag="040" ind1=" " ind2=" ">
    <subfield code="a">DLC</subfield>
    <subfield code="b">eng</subfield>
    <subfield code="c">DLC</subfield>
    <subfield code="d">DLC</subfield>
    <subfield code="d">OCoLC</subfield>
  </datafield>
  <datafield tag="110" ind1="2" ind2=" ">
    <subfield code="a">Arkhitekturno-etnografski kompleks "Etŭra"</subfield>
  </datafield>
  <datafield tag="410" ind1="2" ind2=" ">
    <subfield code="a">Arkhitekturno-ėtnograficheskiĭ kompleks "Etyra"</subfield>
  </datafield>
  <datafield tag="410" ind1="2" ind2=" ">
    <subfield code="a">Etura Architectural and Ethnographic Ensemble</subfield>
  </datafield>
  <datafield tag="410" ind1="2" ind2=" ">
    <subfield code="a">Etera</subfield>
  </datafield>
  <datafield tag="410" ind1="2" ind2=" ">
    <subfield code="a">Ethnographischer Architekturkomplex Etera</subfield>
  </datafield>
  <datafield tag="410" ind1="2" ind2=" ">
    <subfield code="a">Arkhitekturno-etnografski kompleks "Etŭr"</subfield>
  </datafield>
  <datafield tag="410" ind1="2" ind2=" ">
    <subfield code="a">Архитектурно-етнографски комплекс "Етъра."</subfield>
  </datafield>
  <datafield tag="667" ind1=" " ind2=" ">
    <subfield code="a">Machine-derived non-Latin script reference project.</subfield>
  </datafield>
  <datafield tag="667" ind1=" " ind2=" ">
    <subfield code="a">Non-Latin script reference not evaluated.</subfield>
  </datafield>
  <datafield tag="670" ind1=" " ind2=" ">
    <subfield code="a">Kolarov, I. K. Etŭra, 1977 (subj.)</subfield>
    <subfield code="b">p. 3 (Arkhitekturno-etnografski kompleks "Etŭra" kraĭ Gabrovo; national tourist site) verso t.p. (founded 1964; museum)</subfield>
  </datafield>
  <datafield tag="670" ind1=" " ind2=" ">
    <subfield code="a">Arkhitek.-etno. kompleks "Etŭra," 1979 (subj.)</subfield>
    <subfield code="b">t.p. (Arkhitekturno-etnografski kompleks "Etŭra"; Arkhitekturno-ėtnograficheskiĭ kompleks "Etyra"; The Etura Architectural and Ethnografic Ensemble; L'Etera; Ethnographischer Architekturkomplex Etera)</subfield>
  </datafield>
  <datafield tag="670" ind1=" " ind2=" ">
    <subfield code="a">Nat︠s︡ionalna konferent︠s︡ii︠a︡ na bŭlgarskite etnografi (5th : 1988 : Gabrovo, Bulgaria). Etnografski prouchvanii︠a︡ na Gabrovski okrŭg, 1988:</subfield>
    <subfield code="b">cover (Arkhitekturno-etnografski kompleks "Etŭr")</subfield>
  </datafield>
  <datafield tag="675" ind1=" " ind2=" ">
    <subfield code="a">BGN (not verified)</subfield>
  </datafield>
</record>